
   <record>
      <leader>00000nz  a2200000nc 4500</leader>
      <controlfield tag="001">institutions/30005768</controlfield>
      <controlfield tag="003">DE-633</controlfield>
      <controlfield tag="005">20250620052042.0</controlfield>
      <controlfield tag="008">161109||||z|||a|||||||||||||||||n||||||d</controlfield>
      <datafield tag="024" ind1="7" ind2=" ">
         <subfield code="a">147886433</subfield>
         <subfield code="2">VIAF</subfield>
      </datafield>
      <datafield tag="024" ind1="7" ind2=" ">
         <subfield code="a">C-HABc</subfield>
         <subfield code="q">siglum</subfield>
         <subfield code="2">rism</subfield>
      </datafield>
      <datafield tag="034" ind1="1" ind2=" ">
         <subfield code="d">-82.396921</subfield>
         <subfield code="f">23.123463</subfield>
      </datafield>
      <datafield tag="040" ind1=" " ind2=" ">
         <subfield code="a">DE-633</subfield>
         <subfield code="c">DE-633</subfield>
         <subfield code="e">rismg</subfield>
      </datafield>
      <datafield tag="043" ind1=" " ind2=" ">
         <subfield code="c">XD-CU</subfield>
      </datafield>
      <datafield tag="110" ind1="1" ind2=" ">
         <subfield code="a">Centro de Investigacion y Desarrollo de la Música Cubana (CIDMUC)</subfield>
         <subfield code="c">La Habana</subfield>
         <subfield code="g">C-HABc</subfield>
      </datafield>
      <datafield tag="368" ind1=" " ind2=" ">
         <subfield code="a">Institution</subfield>
         <subfield code="a">Library</subfield>
         <subfield code="a">Other</subfield>
      </datafield>
      <datafield tag="371" ind1=" " ind2=" ">
         <subfield code="a">Calle G #505, e/ 21 y 23</subfield>
         <subfield code="a">Plaza de la Revolución</subfield>
         <subfield code="b">La Habana</subfield>
         <subfield code="d">Cuba</subfield>
         <subfield code="e">CP 10040</subfield>
         <subfield code="m">cidmuc@cubarte.cult.cu</subfield>
         <subfield code="u">http://dcubamusica.cult.cu/directorio/intitucion/centro-de-investigacion-y-desarrollo-de-la-musica-cubana/</subfield>
         <subfield code="z">tel: +53 / (7) / 830 8015</subfield>
         <subfield code="z">tel: +53 / (7) / 830 4290</subfield>
      </datafield>
      <datafield tag="551" ind1="1" ind2=" ">
         <subfield code="a">La Habana</subfield>
         <subfield code="0">places/3901001</subfield>
      </datafield>
      <datafield tag="670" ind1="1" ind2=" ">
         <subfield code="a">OrtegaA 2018</subfield>
         <subfield code="0">publications/41001609</subfield>
      </datafield>
      <datafield tag="678" ind1="1" ind2=" ">
         <subfield code="a">CIDMUC is a research institution founded in 1978</subfield>
      </datafield>
   </record>