
   <record>
      <leader>00000nz  a2200000nc 4500</leader>
      <controlfield tag="001">institutions/51000543</controlfield>
      <controlfield tag="003">DE-633</controlfield>
      <controlfield tag="005">20250620052237.0</controlfield>
      <controlfield tag="008">171205||||z|||a|||||||||||||||||n||||||d</controlfield>
      <datafield tag="024" ind1="7" ind2=" ">
         <subfield code="a">C-HABgpm</subfield>
         <subfield code="q">siglum</subfield>
         <subfield code="2">rism</subfield>
      </datafield>
      <datafield tag="040" ind1=" " ind2=" ">
         <subfield code="a">DE-633</subfield>
         <subfield code="c">DE-633</subfield>
         <subfield code="e">rismg</subfield>
      </datafield>
      <datafield tag="043" ind1=" " ind2=" ">
         <subfield code="c">XD-CU</subfield>
      </datafield>
      <datafield tag="110" ind1="1" ind2=" ">
         <subfield code="a">Gabinete de Patrimonio Musical Esteban Salas</subfield>
         <subfield code="c">La Habana</subfield>
         <subfield code="g">C-HABgpm</subfield>
      </datafield>
      <datafield tag="368" ind1=" " ind2=" ">
         <subfield code="a">Institution</subfield>
         <subfield code="a">Library</subfield>
         <subfield code="a">Other</subfield>
      </datafield>
      <datafield tag="371" ind1=" " ind2=" ">
         <subfield code="a">Edificio Santo Domingo</subfield>
         <subfield code="a">Calle Obispo entre Mercaderes y San Ignacio,</subfield>
         <subfield code="b">La Habana Vieja</subfield>
         <subfield code="d">Cuba</subfield>
         <subfield code="e">CP 10200</subfield>
         <subfield code="m">gabinete@estebansalas.ohc.cu</subfield>
         <subfield code="u">http://gabinete.cubava.cu/</subfield>
         <subfield code="z">tel: +53 / 7 / 8639469</subfield>
      </datafield>
      <datafield tag="551" ind1="1" ind2=" ">
         <subfield code="a">La Habana</subfield>
         <subfield code="0">places/3901001</subfield>
      </datafield>
   </record>