
   <record>
      <leader>00000nz  a2200000nc 4500</leader>
      <controlfield tag="001">institutions/30003249</controlfield>
      <controlfield tag="003">DE-633</controlfield>
      <controlfield tag="005">20250620052019.0</controlfield>
      <controlfield tag="008">161109||||z|||a|||||||||||||||||n||||||d</controlfield>
      <datafield tag="024" ind1="7" ind2=" ">
         <subfield code="a">C-HABn</subfield>
         <subfield code="q">siglum</subfield>
         <subfield code="2">rism</subfield>
      </datafield>
      <datafield tag="034" ind1="1" ind2=" ">
         <subfield code="d">-82.383358</subfield>
         <subfield code="f">23.123811</subfield>
      </datafield>
      <datafield tag="040" ind1=" " ind2=" ">
         <subfield code="a">DE-633</subfield>
         <subfield code="c">DE-633</subfield>
         <subfield code="e">rismg</subfield>
      </datafield>
      <datafield tag="043" ind1=" " ind2=" ">
         <subfield code="c">XD-CU</subfield>
      </datafield>
      <datafield tag="110" ind1="1" ind2=" ">
         <subfield code="a">Biblioteca Nacional de Cuba José Martí, Departamento de Música</subfield>
         <subfield code="c">La Habana</subfield>
         <subfield code="g">C-HABn</subfield>
      </datafield>
      <datafield tag="368" ind1=" " ind2=" ">
         <subfield code="a">Library</subfield>
      </datafield>
      <datafield tag="368" ind1=" " ind2=" ">
         <subfield code="a">Institution</subfield>
      </datafield>
      <datafield tag="371" ind1=" " ind2=" ">
         <subfield code="a">Biblioteca Nacional de Cuba José Martí, Plaza de la Revolución, Ave. Independencia y 20 de Mayo, Apartado Postal 6670, La Habana, Cuba</subfield>
         <subfield code="b">La Habana</subfield>
         <subfield code="m">bdgital@bnjm.cu</subfield>
         <subfield code="u">http://www.bnjm.cu/index.htm</subfield>
      </datafield>
      <datafield tag="551" ind1="1" ind2=" ">
         <subfield code="a">La Habana</subfield>
         <subfield code="0">places/3901001</subfield>
      </datafield>
      <datafield tag="670" ind1="1" ind2=" ">
         <subfield code="a">OrtegaA 2018</subfield>
         <subfield code="0">publications/41001609</subfield>
      </datafield>
      <datafield tag="680" ind1="1" ind2=" ">
         <subfield code="a">Collection Raventós</subfield>
      </datafield>
      <datafield tag="680" ind1="1" ind2=" ">
         <subfield code="a">Collection García-Montes</subfield>
      </datafield>
      <datafield tag="680" ind1="1" ind2=" ">
         <subfield code="a">Collection Alberto Muguercia</subfield>
      </datafield>
      <datafield tag="700" ind1="1" ind2=" ">
         <subfield code="a">García-Montes, Frank</subfield>
         <subfield code="d">19/20</subfield>
         <subfield code="0">people/41013204</subfield>
         <subfield code="4">dnr</subfield>
      </datafield>
      <datafield tag="700" ind1="1" ind2=" ">
         <subfield code="a">Muguercia Muguercia, Alberto</subfield>
         <subfield code="d">1928-1987</subfield>
         <subfield code="0">people/41013207</subfield>
         <subfield code="4">dnr</subfield>
      </datafield>
   </record>