
   <record>
      <leader>00000nz  a2200000nc 4500</leader>
      <controlfield tag="001">institutions/30081005</controlfield>
      <controlfield tag="003">DE-633</controlfield>
      <controlfield tag="005">20250620052134.0</controlfield>
      <controlfield tag="008">161109||||z|||a|||||||||||||||||n||||||d</controlfield>
      <datafield tag="024" ind1="7" ind2=" ">
         <subfield code="a">C-REmm</subfield>
         <subfield code="q">siglum</subfield>
         <subfield code="2">rism</subfield>
      </datafield>
      <datafield tag="034" ind1="1" ind2=" ">
         <subfield code="d">-79.544291</subfield>
         <subfield code="f">22.495564</subfield>
      </datafield>
      <datafield tag="040" ind1=" " ind2=" ">
         <subfield code="a">DE-633</subfield>
         <subfield code="c">DE-633</subfield>
         <subfield code="e">rismg</subfield>
      </datafield>
      <datafield tag="043" ind1=" " ind2=" ">
         <subfield code="c">XD-CU</subfield>
      </datafield>
      <datafield tag="110" ind1="1" ind2=" ">
         <subfield code="a">Museo de la Música Casa de Alejandro García Caturla</subfield>
         <subfield code="c">Remedios</subfield>
         <subfield code="g">C-REmm</subfield>
      </datafield>
      <datafield tag="368" ind1=" " ind2=" ">
         <subfield code="a">Institution</subfield>
      </datafield>
      <datafield tag="368" ind1=" " ind2=" ">
         <subfield code="a">Library</subfield>
      </datafield>
      <datafield tag="371" ind1=" " ind2=" ">
         <subfield code="a">Museo de la Música Casa de Alejandro,  García Caturla, Camilo Cienfuegos No. 5, Remedios, Villa Clara, Cuba</subfield>
         <subfield code="b">Remedios</subfield>
         <subfield code="d">Cuba</subfield>
         <subfield code="e">CP 52700</subfield>
         <subfield code="u">http://www.ecured.cu/Museo_Casa_de_Alejandro_Garc%C3%ADa_Caturla</subfield>
      </datafield>
      <datafield tag="551" ind1="1" ind2=" ">
         <subfield code="a">Remedios</subfield>
         <subfield code="0">places/3905775</subfield>
      </datafield>
      <datafield tag="670" ind1="1" ind2=" ">
         <subfield code="a">OrtegaA 2018</subfield>
         <subfield code="0">publications/41001609</subfield>
      </datafield>
   </record>