
   <record>
      <leader>00000nz  a2200000nc 4500</leader>
      <controlfield tag="001">institutions/30081002</controlfield>
      <controlfield tag="003">DE-633</controlfield>
      <controlfield tag="005">20250620052134.0</controlfield>
      <controlfield tag="008">161109||||z|||a|||||||||||||||||n||||||d</controlfield>
      <datafield tag="024" ind1="7" ind2=" ">
         <subfield code="a">C-SCbp</subfield>
         <subfield code="q">siglum</subfield>
         <subfield code="2">rism</subfield>
      </datafield>
      <datafield tag="034" ind1="1" ind2=" ">
         <subfield code="d">-75.828004</subfield>
         <subfield code="f">20.021184</subfield>
      </datafield>
      <datafield tag="040" ind1=" " ind2=" ">
         <subfield code="a">DE-633</subfield>
         <subfield code="c">DE-633</subfield>
         <subfield code="e">rismg</subfield>
      </datafield>
      <datafield tag="043" ind1=" " ind2=" ">
         <subfield code="c">XD-CU</subfield>
      </datafield>
      <datafield tag="110" ind1="1" ind2=" ">
         <subfield code="a">Biblioteca Provincial Elvira Cape, Fondo de libros raros y valiosos</subfield>
         <subfield code="c">Santiago de Cuba</subfield>
         <subfield code="g">C-SCbp</subfield>
      </datafield>
      <datafield tag="368" ind1=" " ind2=" ">
         <subfield code="a">Institution</subfield>
      </datafield>
      <datafield tag="368" ind1=" " ind2=" ">
         <subfield code="a">Library</subfield>
      </datafield>
      <datafield tag="371" ind1=" " ind2=" ">
         <subfield code="a">Biblioteca Provincial Elvira Cape, Fondo,  de libros raros y valiosos, Heredia # 259 e/ Carnicería y San Félix, Santiago de Cuba, Cuba</subfield>
         <subfield code="b">Santiago de Cuba</subfield>
         <subfield code="d">Cuba</subfield>
         <subfield code="e">90100</subfield>
         <subfield code="m">bcape@cultstgo.cult.cu</subfield>
         <subfield code="u">http://www.ecured.cu/Biblioteca_Provincial_Elvira_Cape</subfield>
      </datafield>
      <datafield tag="551" ind1="1" ind2=" ">
         <subfield code="a">Santiago de Cuba</subfield>
         <subfield code="0">places/3905770</subfield>
      </datafield>
      <datafield tag="670" ind1="1" ind2=" ">
         <subfield code="a">OrtegaA 2018</subfield>
         <subfield code="0">publications/41001609</subfield>
      </datafield>
   </record>