
   <record>
      <leader>00000nz  a2200000nc 4500</leader>
      <controlfield tag="001">institutions/30081003</controlfield>
      <controlfield tag="003">DE-633</controlfield>
      <controlfield tag="005">20250620052134.0</controlfield>
      <controlfield tag="008">161109||||z|||a|||||||||||||||||n||||||d</controlfield>
      <datafield tag="024" ind1="7" ind2=" ">
         <subfield code="a">C-SCmm</subfield>
         <subfield code="q">siglum</subfield>
         <subfield code="2">rism</subfield>
      </datafield>
      <datafield tag="034" ind1="1" ind2=" ">
         <subfield code="d">-75.803528</subfield>
         <subfield code="f">20.027417</subfield>
      </datafield>
      <datafield tag="040" ind1=" " ind2=" ">
         <subfield code="a">DE-633</subfield>
         <subfield code="c">DE-633</subfield>
         <subfield code="e">rismg</subfield>
      </datafield>
      <datafield tag="043" ind1=" " ind2=" ">
         <subfield code="c">XD-CU</subfield>
      </datafield>
      <datafield tag="110" ind1="1" ind2=" ">
         <subfield code="a">Museo de la Música Pablo Hernández Balaguer</subfield>
         <subfield code="c">Santiago de Cuba</subfield>
         <subfield code="g">C-SCmm</subfield>
      </datafield>
      <datafield tag="368" ind1=" " ind2=" ">
         <subfield code="a">Institution</subfield>
         <subfield code="a">Library</subfield>
         <subfield code="a">Other</subfield>
      </datafield>
      <datafield tag="371" ind1=" " ind2=" ">
         <subfield code="a">Museo de la Música Pablo Hernández Balaguer, Avenida Manduley 155/5 y 7, Reparto Vista Alegre, Santiago de Cuba, Cuba</subfield>
         <subfield code="b">Santiago de Cuba</subfield>
         <subfield code="d">Cuba</subfield>
         <subfield code="e">CP 90100</subfield>
         <subfield code="m">cppatrien@cultstgo.cult.cu</subfield>
      </datafield>
      <datafield tag="551" ind1="1" ind2=" ">
         <subfield code="a">Santiago de Cuba</subfield>
         <subfield code="0">places/3905770</subfield>
      </datafield>
      <datafield tag="670" ind1="1" ind2=" ">
         <subfield code="a">OrtegaA 2018</subfield>
         <subfield code="0">publications/41001609</subfield>
      </datafield>
      <datafield tag="678" ind1="1" ind2=" ">
         <subfield code="a">Museum founded in 2015</subfield>
      </datafield>
   </record>