
   <record>
      <leader>00000nz  a2200000nc 4500</leader>
      <controlfield tag="001">institutions/30080987</controlfield>
      <controlfield tag="003">DE-633</controlfield>
      <controlfield tag="005">20250620052134.0</controlfield>
      <controlfield tag="008">161109||||z|||a|||||||||||||||||n||||||d</controlfield>
      <datafield tag="024" ind1="7" ind2=" ">
         <subfield code="a">C-SGrpl</subfield>
         <subfield code="q">siglum</subfield>
         <subfield code="2">rism</subfield>
      </datafield>
      <datafield tag="040" ind1=" " ind2=" ">
         <subfield code="a">DE-633</subfield>
         <subfield code="c">DE-633</subfield>
         <subfield code="e">rismg</subfield>
      </datafield>
      <datafield tag="043" ind1=" " ind2=" ">
         <subfield code="c">XD-CU</subfield>
      </datafield>
      <datafield tag="110" ind1="1" ind2=" ">
         <subfield code="a">Museo de la Música “Rodrigo Prats Llorens”</subfield>
         <subfield code="c">Sagua la Grande</subfield>
         <subfield code="g">C-SGrpl</subfield>
      </datafield>
      <datafield tag="368" ind1=" " ind2=" ">
         <subfield code="a">Institution</subfield>
      </datafield>
      <datafield tag="368" ind1=" " ind2=" ">
         <subfield code="a">Library</subfield>
      </datafield>
      <datafield tag="371" ind1=" " ind2=" ">
         <subfield code="a">Museo de la Música “Rodrigo Prats,  Llorens”, Calle Solís No. 170 e/ Martí y Maceo, Sagua la Grande, Villa Clara, Cuba</subfield>
         <subfield code="b">Sagua la Grande</subfield>
         <subfield code="d">Cuba</subfield>
         <subfield code="e">CP 52300</subfield>
         <subfield code="m">mumusica@cenit.cult.cu</subfield>
         <subfield code="u">http://www.ecured.cu/Museo_Rodrigo_Prats_Llorens</subfield>
      </datafield>
      <datafield tag="551" ind1="1" ind2=" ">
         <subfield code="a">Sagua la Grande</subfield>
         <subfield code="0">places/3905772</subfield>
      </datafield>
      <datafield tag="670" ind1="1" ind2=" ">
         <subfield code="a">OrtegaA 2018</subfield>
         <subfield code="0">publications/41001609</subfield>
      </datafield>
   </record>
</collection>
